@book{dragon-book,
  title = {The Dragon Book},
  author = {Dragon},
  year = {2012},
  publisher = {Acme Publishing},
  address = {New York},
  edition = {1st},
  note = {This is a book}
}
