@article{autoencoder2020,
    title = {An Autoencoder Based Model for Detecting Fraudulent Credit Card Transaction},
    journal = {Procedia Computer Science},
    volume = {167},
    pages = {254-262},
    year = {2020},
    note = {International Conference on Computational Intelligence and Data Science},
    author = {Sumit Misra and Soumyadeep Thakur and Manosij Ghosh and Sanjoy Kumar Saha},
}

@techreport{seminar_ies,
  author      = {Klara M. Gutekunst},
  title       = {Identifying fiscal fraud with anomaly detection techniques},
  institution = {University of Kassel},
  year        = {2023},
  url         = {https://github.com/KlaraGtknst/identifying-fiscal-fraud},
}

@article{autoencoder2021,
  author = {Tzu-Hsuan Lin and Jehn-Ruey Jiang},
  title = {Credit Card Fraud Detection with Autoencoder and Probabilistic Random Forest},
  journal = {Mathematics},
  volume = {9},
  year = {2021},
  number = {21},
  url = {https://www.mdpi.com/2227-7390/9/21/2683},
}