@report{Elasticsearch2017,
    author = {A. Voit and A. Stankus and S. Magomedov and I. Ivanova},
    title = {Big Data Processing for Full-Text Search and Visualization with Elasticsearch},
    institution = {Moskow Technological University},
    year = {2017},
    publisher = {International Journal of Advanced Computer Science and Applications},
    address = {Moskow, Russia},
    edition = {8th},
}

@report{Elasticsearch2019,
    author = {V. Zamfir and M. Carabas and C. Carabas and N. Tapus},
    title = {Systems monitoring and big data analysis using the Elasticsearch system},
    institution = {University POLITEHNICA of Bucharest},
    year = {2019},
    publisher = {International Conference on Control Systems and Computer Science},
    address = {Bucharest, Romania},
}

@online{Elasticsearch-match,
  author = {TODO},
  title = {Match query},
  url = {https://www.elastic.co/guide/en/elasticsearch/reference/current/query-dsl-match-query.html},
  date = {2099-09-22},
  note = "[Accessed 15.09.2023]"
}

@online{Elasticsearch-text-analyser,
  author = {TODO},
  title = {Text analysis overview},
  url = {https://www.elastic.co/guide/en/elasticsearch/reference/current/analysis-overview.html},
  date = {2099-09-22},
  note = "[Accessed 15.09.2023]"
}

@online{Elasticsearch-standard-analyser,
  author = {TODO},
  title = {Standard analyzer},
  url = {https://www.elastic.co/guide/en/elasticsearch/reference/current/analysis-standard-analyzer.html},
  date = {2099-09-22},
  note = "[Accessed 15.09.2023]"
}

@online{Elasticsearch-synonyms,
  author = {TODO},
  title = {Synonyms},
  url = {https://www.elastic.co/guide/en/elasticsearch/reference/current/query-dsl-match-query.html#query-dsl-match-query-synonyms},
  date = {2099-09-22},
  note = "[Accessed 15.09.2023]"
}

@online{Elasticsearch-fuzziness,
  author = {TODO},
  title = {Fuzziness},
  url = {https://www.elastic.co/guide/en/elasticsearch/reference/current/common-options.html#fuzziness},
  date = {2099-09-22},
  note = "[Accessed 15.09.2023]"
}


