@misc{data-corpus-bahamas-leaks,
  author = {Mauritius Much \and Frederik Obermaier \and Bastian Obermayer \and Vanessa Wormer},
  title = {{So funktioniert das System Bahamas}},
  howpublished = "\url{https://www.sueddeutsche.de/wirtschaft/bahamas-leaks-so-funktioniert-das-system-bahamas-1.3172913}",
  year = {2016}, 
  note = "[Online; accessed 8-August-2023]"
}