@article{face-recognition2020,
    author = {Laura Dayton and Dante Rousseve and Neil Sehgal and Sindura Sriram},
    title = {Final Project Report: Methods of Facial Recognition},
    institution = {Brown University},
    journal = {CSCI},
    year = {2020}
}

@INPROCEEDINGS{face-recognition2021,
    author={Dodi Sudiana and Mia Rizkinia and Fahri Alamsyah},
    booktitle={International Conference on Quality in Research (QIR): International Symposium on Electrical and Computer Engineering}, 
    title={Performance Evaluation of Machine Learning Classifiers for Face Recognition}, 
    year={2021},
    pages={71-75},
}

@article{face-recognition2008,
    author = {Yichuan Tang and Xuan Choo},
    title = {Intrinsic Divergence for Facial Recognition},
    institution = {University of Waterloo},
    journal = {Centre for Theoretical Neuroscience},
    year = {2008}
}

@article{eigenfaces2013, 
    title={Multiscale Manifold Learning}, 
    volume={27}, 
    journal={Proceedings of the AAAI Conference on Artificial Intelligence}, 
    author={Chang Wang and Sridhar Mahadevan}, 
    year={2013}, 
    pages={912-918} 
}

@article{eigenfaces1997,
  author={Jun Zhang and Yong Yan and  M. Lades},
  journal={Proceedings of the IEEE}, 
  title={Face recognition: eigenface, elastic matching, and neural nets}, 
  year={1997},
  volume={85},
  number={9},
  pages={1423-1435},
}


@article{eigenfaces1991,
  author={M. A. Turk and A. P. Pentland},
  journal={Proceedings IEEE Computer Society Conference on Computer Vision and Pattern Recognition}, 
  title={Face Recognition Using Eigenfaces}, 
  year={1991},
  institution = {Massachusetts Institute of Technology},
  pages={586-591}
}

@report{RGB2Grey,
  author = {Fredrik Lundh and Jeffrey A. Clark and Contributors},
  title = {The Image Class},
  url = {https://pillow.readthedocs.io/en/stable/reference/Image.html#PIL.Image.Image.convert},
  note = "[Accessed 14.12.2023]"
}