@report{inferSent2018,
    author = {Alexis Conneau and Douwe Kiela and Holger Schwenk and Loic Barrault and Antoine Bordes},
    title = {Supervised Learning of Universal Sentence Representations from Natural Language Inference Data},
    institution = {University Le Mans, Facebook AI Research},
    year = {2018}
}

@report{UniversalSentEnc2018,
    author = {Daniel Cer and Yinfei Yang and Sheng-yi Kong and Nan Hua and Nicole Limtiaco and Rhomni St. John and Noah Constant and Mario Guajardo-Cespedes and Steve Yuan and Chris Tar and Yun-Hsuan Sung and Brian Strope and Ray Kurzweil},
    title = {Universal Sentence Encoder},
    institution = {Google (Research)},
    year = {2018}
}

@report{WordRep2013,
    author = {Tomas Mikolov and Kai Chen and Greg Corrado and Jeffrey Dean},
    title = {Efficient Estimation of Word Representations in Vector Space},
    institution = {Google Inc.},
    year = {2013}
}

@report{SentRep2014,
    author = {Tomas Mikolov and Quoc Le},
    title = {Distributed Representations of Sentences and Documents},
    institution = {Google},
    year = {2014}
}

@report{EmbDist2015,
    author = {Matt J. Kusner and Yu Sun and Nicholas I. Kolkin and Kilian Q. Weinberger},
    title = {From Word Embeddings to Document Distances},
    institution = {Washington University in St. Louis},
    year = {2014}
}

@report{SkipGram2013,
    author = {Tomas Mikolov and Ilya Sutskever and Kai Chen and Greg Corrado and Jeffrey Dean},
    title = {Distributed Representations of Words and Phrases and their Compositionality},
    institution = {Google Inc.},
    year = {2013}
}

@report{HfsentTrans2019,
    author = {Nils Reimers and Iryna Gurevych},
    title = {Sentence-BERT: Sentence Embeddings using Siamese BERT-Networks},
    institution = {Technische Universit√§t Darmstadt},
    year = {2019}
}