@article{credit_f_SOM2006,
  title={Credit card fraud detection using self-organizing maps},
  author={Zaslavsky, Vladimir and Strizhak, Anna},
  journal={Information and Security},
  volume={18},
  pages={48-63},
  year={2006},
}

@article{fd_ARIMA2021,
  title={Anomaly and fraud detection in credit card transactions using the arima model},
  author={Moschini, Giulia and Houssou, R{\'e}gis and Bovay, J{\'e}r{\^o}me and Robert-Nicoud, Stephan},
  journal={Engineering Proceedings},
  volume={5},
  pages={56-67},
  year={2021},
}

@article{cf_AE2020,
  title={An Autoencoder Based Model for Detecting fraudulent Credit Card Transaction},
  author={Misra, Sumit and Thakur, Soumyadeep and Ghosh, Manosij and Saha, Sanjoy Kumar},
  journal={Procedia Computer Science},
  volume={167},
  pages={254-262},
  year={2020}
}

@article{AE_RF2021,
  title={Credit card fraud detection with autoencoder and probabilistic random forest},
  author={Lin, Tzu-Hsuan and Jiang, Jehn-Ruey},
  journal={Mathematics},
  volume={9},
  pages={2683-2699},
  year={2021},
}

@article{dt_svm_2012,
  title={Detecting credit card fraud by decision trees and support vector machines},
  author={Sahin, Yusuf and Duman, Ekrem},
  journal={World Congress on Engineering. London, UK.},
  volume={2188},
  pages={442--447},
  year={2012},
}

@article{kaggle_ex2017,
  title={Credit Card Fraud Detection},
  journal={kaggle},
  author={Machine Learning Group},
  url = {https://www.kaggle.com/datasets/mlg-ulb/creditcardfraud},
  year={2017},
  urldate = {2023-01-25},
}
