@article{InformationRetrieval1999,
    author = {M. Mitra and B. B. Chaudhuri},
    title = {Information Retrieval from Documents: A Survey},
    journal = {Information Retrieval},
    volume = {2},
    pages = {141-163},
    year = {1999}
}

@book{nlp-book2009,
  title = {Natural Language Processing with Python},
  author = {Steven Bird and Ewan Klein and Edward Loper},
  year = {2009},
  publisher = {O'Reilly Media},
  address = {Sebastopol, CA, USA},
  edition = {1st},
}
@techreport{IR2011,
    author = {Gerd Stumme and Robert JÃ¤schke},
    title = {Internet-Suchmaschinen},
    journal = {University of Kassel},
    year = {2011},
    note = "Lecture script"
}