@techreport{KI2022,
    author = {Tom Hanika},
    title = {Artificial Intelligence},
    year = {2023},
    journal = {University of Kassel},
    note = "Lecture script"
}