@article{soft_cosine2017,
    author = {Delphine Charlet and Géraldine Damnati},
    title = {SimBow at SemEval-2017 Task 3: Soft-Cosine Semantic Similarity between Questions for Community Question Answering},
    journal = {Orange Labs},
    pages = {315-319},
}

@article{soft_cosine2014,
    author = {Grigori Sidorov and Alexander Gelbukh and Helena Gómez-Adorno and David Pinto},
    title = {Soft Similarity and Soft Cosine Measure: Similarity of Features in Vector Space Model},
    journal = {Computación y Sistemas},
    pages = {491-504},
    year = {2014},
    volume = {18}
}

@INPROCEEDINGS{euclidean_l2_norm2015,
  author={Gunjan Khosla and Navin Rajpal and Jasvinder Singh},
  booktitle={International Conference on Computing for Sustainable Global Development (INDIACom)}, 
  title={Evaluation of Euclidean and Manhanttan metrics in Content Based Image Retrieval system}, 
  year={2015},
  pages={12-18},
}
