@report{BA-survey,
  title = {Bewertung Bachelorarbeit},
  author = {Klara M. Gutekunst},
  url = {https://docs.google.com/forms/d/e/1FAIpQLSejNqw8VXtCCXFNHqbBs2WsPlMatOiCX2rXhfn5NgkNYazBKw/viewform?usp=sf_link},
  note = "[Accessed 10.11.2023]"
}