@report{wordcloud-dev,
  author = {Andreas Müller},
  title = {word cloud},
  url = {https://github.com/amueller/word_cloud/tree/main},
  note = "[Accessed 05.10.2023]"
}

@report{topic_modeling2015,
    author = {Rubayyi Alghamdi and Khalid Alfalqi},
    title = {A Survey of Topic Modeling in Text Mining},
    journal = {International Journal of Advanced Computer Science and Applications},
    year = {2015},
    volume = {6}
}

% new
@article{evolution_of_topic_modeling2022,
author = {Rob Churchill and Lisa Singh},
title = {The Evolution of Topic Modeling},
year = {2022},
publisher = {Association for Computing Machinery},
address = {New York, NY, USA},
volume = {54},
journal = {ACM Comput. Surv.},
}

@ARTICLE{topic_modeling2019,
    author={Pooja Kherwa and Poonam Bansal},
    title={Topic Modeling: A Comprehensive Review},
    journal={EAI Endorsed Transactions on Scalable Information Systems},
    volume={7},
    number={24},
    publisher={EAI},
    journal_a={SIS},
    year={2019},
    month={7},
    keywords={Topic Modeling, Latent Dirichlet Allocation, Latent Semantic Analysis, Inference, Dimension reduction},
    doi={10.4108/eai.13-7-2018.159623}
}

@article{topic_modeling2020,
title = {A review of topic modeling methods},
journal = {Information Systems},
volume = {94},
year = {2020},
author = {Ike Vayansky and Sathish A.P. Kumar},
}
  
@article{topic_modeling2021, 
  title={Visualizing Topic Models}, 
  year={2021},
  volume={6}, 
  author={Chaney, Allison and Blei, David}, 
  year={2021},
  pages={419-422} 
}

@article{dim_reduction2021,
  title = {Conceptual and empirical comparison of dimensionality reduction algorithms (PCA, KPCA, LDA, MDS, SVD, LLE, ISOMAP, LE, ICA, t-SNE)},
  journal = {Computer Science Review},
  volume = {40},
  pages = {100378},
  year = {2021},
  author = {Farzana Anowar and Samira Sadaoui and Bassant Selim},
}

@article{lda2012,
  title = {TopicTiling: A Text Segmentation Algorithm Based on LDA},
  pages = {37-42},
  year = {2012},
  author = {Martin Riedl and Chris Biemann},
}

@article{text_mining2016,
  title = {A TEXT MINING RESEARCH BASED ON LDA TOPIC MODELLING},
  pages = {201–210},
  year = {2016},
  author = {Zhou Tong and Haiyi Zhang},
}

@INPROCEEDINGS{LDA2016,
  author={Chen, Qiuxing and Yao, Lixiu and Yang, Jie},
  booktitle={2016 International Conference on Audio, Language and Image Processing (ICALIP)}, 
  title={Short text classification based on LDA topic model}, 
  year={2016},
  pages={749-753},}

@INPROCEEDINGS{lda2008,
  author={Wang, Ziqiang and Qian, Xu},
  booktitle={2008 International Conference on Computer Science and Software Engineering}, 
  title={Text Categorization Based on LDA and SVM}, 
  year={2008},
  pages={674-677},
}

@article{bertopic2022,
  title = {BERTopic: Neural topic modeling with a class-based TF-IDF procedure},
  year = {2022},
  author = {Maarten Grootendorst},
}

@article{Top2Vec2020,
  title = {Top2Vec: Distributed Representations of Topics},
  year = {2020},
  author = {Dimo Angelov},
}

@article{Topic2Vec2015,
  title = {Topic2Vec: Learning Distributed Representations of Topics},
  year = {2015},
  author = {Li-Qiang Niu and Xin-Yu Dai},
}

