@INPROCEEDINGS{mvc_flask2019,
  author={Mufid, Mohammad Robihul and Basofi, Arif and Al Rasyid, M. Udin Harun and Rochimansyah, Indhi Farhandika and rokhim, Abdul},
  booktitle={2019 International Electronics Symposium (IES)}, 
  title={Design an MVC Model using Python for Flask Framework Development}, 
  year={2019},
  volume={},
  number={},
  pages={214-219},
  doi={10.1109/ELECSYM.2019.8901656}}

@article{flask2015, 
    title={Efficient Way Of Web Development Using Python And Flask}, 
    volume={6}, 
    journal={International Journal of Advanced Research in Computer Science}, 
    author={Fankar Armash Aslam and Hawa Nabeel Mohammed and Jummal Musab Mohd. Munir and Murade Aaraf Gulamgaus}, 
    year={2015}, 
    pages={54-57} 
}

# https://books.google.de/books?hl=de&lr=&id=HPGoCwAAQBAJ&oi=fnd&pg=PP1&dq=flask&ots=A_53jupJ-X&sig=q-ESucUgzCTIwsXTxaoDqvIXYts#v=onepage&q=flask&f=false
@book{flask_book2015,
  author = {Matt Copperwaite and Charles Leifer},
  year = {2015},
  title = {Learning Flask Framework},
  publisher = {Packt Publishing},
}

# https://books.google.de/books?hl=de&lr=&id=cVlPDwAAQBAJ&oi=fnd&pg=PT25&dq=flask&ots=xOKXfqYkdX&sig=LNy-4-stUpeu1GhjbLLC1SkdL48#v=onepage&q=flask&f=false
@book{flask_book2018,
  author = {Miguel Grinberg},
  year = {2018},
  title = {Flask Web Development: Developing Web Applications with Python},
  publisher = {O'Reilly Media, Inc.},
}

# only two chapters
@book{flask2018,
  author = {Daniel Gaspar and Jack Stouffer},
  volume={2}, 
  year = {2018},
  title = {Mastering Flask Web Development : Build Enterprise-Grade, Scalable Python Web Applications,},
  publisher = {Packt Publishing},
}